<?xml version="1.0" encoding="UTF-8"?><collection xmlns="http://www.loc.gov/MARC21/slim"><record><leader>00407nam--2200133-i-4500</leader><controlfield tag="001">000015795</controlfield><controlfield tag="002">20161230</controlfield><controlfield tag="005">20161230201031</controlfield><controlfield tag="008">060222s1000------------r-----000-0-eng-d</controlfield><datafield ind1=" " ind2=" " tag="080"><subfield code="a">543.4(043)</subfield></datafield><datafield ind1=" " ind2=" " tag="100"><subfield code="a">Bouchacourt, Michel</subfield></datafield><datafield ind1=" " ind2=" " tag="245"><subfield code="a">Etudes sur la phase carbure de bore correlati ons properties-compsition. these</subfield></datafield><datafield ind1=" " ind2=" " tag="260"><subfield code="a">Grenoble, L`Universite Scientifique Et Medica Le, 1982. 260 P</subfield></datafield><datafield ind1=" " ind2=" " tag="852"><subfield code="a">73751</subfield></datafield></record></collection>